<record><leader>00000cas a22000007a 4500</leader><controlfield tag="001">17514906</controlfield><controlfield tag="008">880222c19509999pauwr ne      0    0eng d</controlfield><datafield ind1=" " ind2=" " tag="010"><subfield code="a">sn 88079129 </subfield></datafield><datafield ind1=" " ind2=" " tag="040"><subfield code="a">NPH</subfield><subfield code="b">eng</subfield><subfield code="c">NPH</subfield><subfield code="d">OCLCQ</subfield></datafield><datafield ind1=" " ind2=" " tag="042"><subfield code="a">msc</subfield></datafield><datafield ind1="0" ind2="4" tag="245"><subfield code="a">The Nazareth key.</subfield></datafield><datafield ind1="3" ind2="0" tag="246"><subfield code="a">Key</subfield></datafield><datafield ind1=" " ind2=" " tag="260"><subfield code="a">Nazareth, Pa. :</subfield><subfield code="b">Lester J. Young</subfield></datafield><datafield ind1=" " ind2=" " tag="300"><subfield code="a">v. :</subfield><subfield code="b">ill. ;</subfield><subfield code="c">41 cm.</subfield></datafield><datafield ind1="1" ind2=" " tag="362"><subfield code="a">Began in Apr. or May 1950?</subfield></datafield><datafield ind1=" " ind2=" " tag="500"><subfield code="a">The word "Nazareth" appears below masthead logo, &lt;1950-1952); the word "Nazareth" appears above masthead logo, &lt;1953-&gt;.</subfield></datafield><datafield ind1=" " ind2=" " tag="588"><subfield code="a">Description based on: Vol. 1, no. 23 (June 7, 1950).</subfield></datafield><datafield ind1=" " ind2=" " tag="752"><subfield code="a">United States</subfield><subfield code="b">Pennsylvania</subfield><subfield code="c">Northampton</subfield><subfield code="d">Nazareth.</subfield></datafield><datafield ind1="0" ind2="0" tag="780"><subfield code="t">Key (Nazareth, Pa.)</subfield><subfield code="w">(DLC)sn 88079128</subfield></datafield></record>